@inproceedings{lin2010design,
  title={Design patterns for efficient graph algorithms in MapReduce},
  author={Lin, Jimmy and Schatz, Michael},
  booktitle={Proceedings of the Eighth Workshop on Mining and Learning with Graphs},
  pages={78--85},
  year={2010},
  organization={ACM}
}
