@incollection{sarma2013fast,
  title={Fast distributed pagerank computation},
  author={Sarma, Atish Das and Molla, Anisur Rahaman and Pandurangan, Gopal and Upfal, Eli},
  booktitle={Distributed Computing and Networking},
  pages={11--26},
  year={2013},
  publisher={Springer Berlin Heidelberg}
}
